
@misc{Bache,
author = "K. Bache and M. Lichman",
year = "2013",
title = "{UCI} Machine Learning Repository",
howpublished = {\url{"http://archive.ics.uci.edu/ml"}},
institution = "University of California, Irvine, School of Information and Computer Sciences",
note={Accessed: 2018-03-29}
}

@article{Kaastra,
author = "Kaastra, Iebeling and Boyd, Milton",
title = "Designing a neural network for forecasting financial and economic time series ",
journal = "Neurocomputing ",
volume = "10",
number = "3",
pages = "215 - 236",
year = "1996",
note = "Financial Applications, Part \{II\} ",
issn = "0925-2312",
doi = "http://dx.doi.org/10.1016/0925-2312(95)00039-9",
url = "http://www.sciencedirect.com/science/article/pii/0925231295000399"}

@inproceedings{Soares,
 author = {Soares, Symone and Antunes, Carlos and Ara\'{u}jo, Rui},
 title = {A Genetic Algorithm for Designing Neural Network Ensembles},
 booktitle = {Proceedings of the 14th Annual Conference on Genetic and Evolutionary Computation},
 series = {GECCO '12},
 year = {2012},
 isbn = {978-1-4503-1177-9},
 location = {Philadelphia, Pennsylvania, USA},
 pages = {681--688},
 numpages = {8},
 url = {http://doi.acm.org/10.1145/2330163.2330259},
 doi = {10.1145/2330163.2330259},
 acmid = {2330259},
 publisher = {ACM},
 address = {New York, NY, USA},
 keywords = {ensemble methods, genetic algorithms, neural networks},
} 

@phdthesis {Gruau,
	author = "Frederic Gruau",
	title = "Neural Network Synthesis Using Cellular Encoding and the Genetic Algorithm",
	institution = "Claude Bernard University Lyon",
	year = "1994",
	month = "jan",
	keywords = {genetic algorithms, parallel programming, neural networks, cellular encoding},
}

@article{Kim,
 author = {Kim, Lok-Won and Asaad, Sameh and Linsker, Ralph},
 title = {A Fully Pipelined FPGA Architecture of a Factored Restricted Boltzmann Machine Artificial Neural Network},
 journal = {ACM Trans. Reconfigurable Technol. Syst.},
 issue_date = {February 2014},
 volume = {7},
 number = {1},
 month = feb,
 year = {2014},
 issn = {1936-7406},
 pages = {5:1--5:23},
 articleno = {5},
 numpages = {23},
 url = {http://doi.acm.org/10.1145/2539125},
 doi = {10.1145/2539125},
 acmid = {2539125},
 publisher = {ACM},
 address = {New York, NY, USA},
 keywords = {FPGA based system design, Restricted Boltzmann Machine, hardware acceleration of Neural Network, pipelined and parallel hardware architecture},
} 

@misc{OpenMP,
author = {{OpenMP Architecture Review Board}},
title = {{OpenMP} Application Program Interface Version 3.1},
month = jul,
year  = {2011},
}

@book{AImodern,
author = {Russell, Stuart and Norvig, Peter},
title = {Artificial Intelligence: A Modern Approach},
year = {2009},
isbn = {0136042597,9780136042594},
edition = {3rd},
publisher = {Prentice Hall Press},
address = {Upper Saddle River, NJ, USA},
}